<record><leader>00000cas a22000007a 4500</leader><controlfield tag="001">22532633</controlfield><controlfield tag="008">901018d17981799nhuwr ne      0    0eng d</controlfield><datafield ind1=" " ind2=" " tag="010"><subfield code="a">sn 90062451 </subfield></datafield><datafield ind1=" " ind2=" " tag="040"><subfield code="a">NVH</subfield><subfield code="b">eng</subfield><subfield code="c">NVH</subfield><subfield code="d">MGN</subfield><subfield code="d">OCLCQ</subfield><subfield code="d">DLC</subfield><subfield code="d">OCLCF</subfield></datafield><datafield ind1=" " ind2=" " tag="042"><subfield code="a">msc</subfield></datafield><datafield ind1=" " ind2=" " tag="043"><subfield code="a">n-us-nh</subfield></datafield><datafield ind1="0" ind2="0" tag="050"><subfield code="a">Newspaper</subfield></datafield><datafield ind1="0" ind2=" " tag="130"><subfield code="a">Eagle (Hanover, N.H.)</subfield></datafield><datafield ind1="1" ind2="4" tag="245"><subfield code="a">The eagle.</subfield></datafield><datafield ind1=" " ind2=" " tag="260"><subfield code="a">Hanover, N.H. :</subfield><subfield code="b">Benjamin True</subfield></datafield><datafield ind1=" " ind2=" " tag="300"><subfield code="a">v.</subfield></datafield><datafield ind1=" " ind2=" " tag="310"><subfield code="a">Weekly</subfield></datafield><datafield ind1="1" ind2=" " tag="362"><subfield code="a">Began in July 1798; ceased in June 1799.</subfield></datafield><datafield ind1=" " ind2=" " tag="588"><subfield code="a">Description based on: Vol. 6, no. 2 (July 31, 1798).</subfield></datafield><datafield ind1=" " ind2="0" tag="651"><subfield code="a">Hanover (N.H.)</subfield><subfield code="v">Newspapers.</subfield></datafield><datafield ind1=" " ind2="7" tag="655"><subfield code="a">Newspapers.</subfield><subfield code="2">fast</subfield><subfield code="0">(OCoLC)fst01423814</subfield></datafield><datafield ind1=" " ind2="7" tag="651"><subfield code="a">New Hampshire</subfield><subfield code="z">Hanover.</subfield><subfield code="2">fast</subfield><subfield code="0">(OCoLC)fst01205729</subfield></datafield><datafield ind1=" " ind2=" " tag="752"><subfield code="a">United States</subfield><subfield code="b">New Hampshire</subfield><subfield code="c">Grafton</subfield><subfield code="d">Hanover.</subfield></datafield><datafield ind1="0" ind2="0" tag="780"><subfield code="t">Eagle, or, Dartmouth centinel</subfield><subfield code="w">(DLC)sn 84023150</subfield><subfield code="w">(OCoLC)10784438</subfield></datafield></record>